<record><leader>00000cas a22000007a 4500</leader><controlfield tag="001">12383865</controlfield><controlfield tag="008">850814d19051908wiuwr ne      0    0eng d</controlfield><datafield ind1=" " ind2=" " tag="010"><subfield code="a">sn 85040920 </subfield></datafield><datafield ind1=" " ind2=" " tag="040"><subfield code="a">NPV</subfield><subfield code="b">eng</subfield><subfield code="c">NPV</subfield><subfield code="d">OCLCQ</subfield></datafield><datafield ind1=" " ind2=" " tag="042"><subfield code="a">msc</subfield></datafield><datafield ind1=" " ind2=" " tag="045"><subfield code="a">x0x0</subfield></datafield><datafield ind1=" " ind2=" " tag="052"><subfield code="a">4123</subfield><subfield code="b">W9</subfield></datafield><datafield ind1="0" ind2="0" tag="245"><subfield code="a">Wood County times and the Yellow River pilot.</subfield></datafield><datafield ind1="3" ind2="0" tag="246"><subfield code="a">Wood County times</subfield></datafield><datafield ind1="1" ind2="3" tag="246"><subfield code="a">Times</subfield></datafield><datafield ind1="1" ind2="3" tag="246"><subfield code="a">Pittsville times</subfield></datafield><datafield ind1=" " ind2=" " tag="260"><subfield code="a">Nekoosa, Wis. :</subfield><subfield code="b">P.O. Winther,</subfield><subfield code="c">1905-1908.</subfield></datafield><datafield ind1=" " ind2=" " tag="300"><subfield code="a">5 v. :</subfield><subfield code="b">ill.</subfield></datafield><datafield ind1=" " ind2=" " tag="310"><subfield code="a">Weekly</subfield></datafield><datafield ind1="0" ind2=" " tag="362"><subfield code="a">Tenth year, no. 43 (Sept. 7, 1905)-fourteenth year, no. 8 (Dec. 30, 1908).</subfield></datafield><datafield ind1=" " ind2=" " tag="500"><subfield code="a">Contains additional t.p.: Times, Dec. 7, 1905-March 22, 1906; Pittsville times, March 29-May 24, 1906.</subfield></datafield><datafield ind1=" " ind2=" " tag="500"><subfield code="a">Editor: P.O. Winther.</subfield></datafield><datafield ind1=" " ind2=" " tag="530"><subfield code="a">Available on microfilm from The State Historical Society of Wisconsin.</subfield></datafield><datafield ind1=" " ind2=" " tag="752"><subfield code="a">United States</subfield><subfield code="b">Wisconsin</subfield><subfield code="c">Wood</subfield><subfield code="d">Nekoosa.</subfield></datafield><datafield ind1="0" ind2="0" tag="780"><subfield code="t">Pittsville times and the Yellow River pilot</subfield><subfield code="w">(DLC)sn 85040919</subfield></datafield><datafield ind1="0" ind2="0" tag="785"><subfield code="t">Wood County times</subfield><subfield code="w">(DLC)sn 85040921</subfield></datafield><datafield ind1="1" ind2=" " tag="029"><subfield code="a">AU@</subfield><subfield code="b">000025807625</subfield></datafield></record>